<?xml version="1.0"?>
<record xmlns="http://www.loc.gov/MARC21/slim">
  <leader>02118nam a2200397 a 4500</leader>
  <controlfield tag="001">cihm_98701</controlfield>
  <controlfield tag="003">CaSfIA</controlfield>
  <controlfield tag="005">20151008010651.0</controlfield>
  <controlfield tag="007">cr||||||||||||</controlfield>
  <controlfield tag="008">991021s1910    quca   |b|||| 000 0 fre d</controlfield>
  <datafield tag="020" ind1=" " ind2=" ">
    <subfield code="a">0665987013</subfield>
  </datafield>
  <datafield tag="035" ind1=" " ind2=" ">
    <subfield code="a">ocm56745069</subfield>
  </datafield>
  <datafield tag="040" ind1=" " ind2=" ">
    <subfield code="a">CaOOCIHM</subfield>
    <subfield code="b">fre</subfield>
    <subfield code="c">CaOOCIHM</subfield>
    <subfield code="d">AEU</subfield>
    <subfield code="d">CaSfIA</subfield>
  </datafield>
  <datafield tag="043" ind1=" " ind2=" ">
    <subfield code="a">n-cn-qu</subfield>
  </datafield>
  <datafield tag="082" ind1="0" ind2=" ">
    <subfield code="a">610</subfield>
    <subfield code="2">20</subfield>
  </datafield>
  <datafield tag="090" ind1=" " ind2=" ">
    <subfield code="a">FC 02 0203 no. 98701</subfield>
    <subfield code="b">AEU</subfield>
  </datafield>
  <datafield tag="110" ind1="2" ind2=" ">
    <subfield code="a">Association des m&#xE9;decins de langue fran&#xE7;aise de l'Am&#xE9;rique du Nord.</subfield>
    <subfield code="b">Congr&#xE8;s</subfield>
    <subfield code="n">(4e :</subfield>
    <subfield code="d">1908 :</subfield>
    <subfield code="c">Qu&#xE9;bec, Qu&#xE9;bec)</subfield>
  </datafield>
  <datafield tag="245" ind1="1" ind2="0">
    <subfield code="a">Quatri&#xE8;me congr&#xE8;s de l'Association des m&#xE9;decins de langue fran&#xE7;aise de l'Am&#xE9;rique du Nord</subfield>
    <subfield code="h">[electronic resource] </subfield>
    <subfield code="b">tenu &#xE0; Qu&#xE9;bec, les 20, 21 et 22 juillet 1908, sous la pr&#xE9;sidence du Dr. Arthur Simard, professeur &#xE0; l'Universit&#xE9; Laval de Qu&#xE9;bec : texte des m&#xE9;moires publi&#xE9; sous la direction du Dr. Albert Paquet, Qu&#xE9;bec.</subfield>
  </datafield>
  <datafield tag="246" ind1="1" ind2="3">
    <subfield code="a">Congr&#xE8;s m&#xE9;dical de Qu&#xE9;bec, 20-21 juillet 1908</subfield>
  </datafield>
  <datafield tag="260" ind1=" " ind2=" ">
    <subfield code="a">[Qu&#xE9;bec? :</subfield>
    <subfield code="b">s.n.],</subfield>
    <subfield code="c">1910</subfield>
    <subfield code="e">(Qu&#xE9;bec :</subfield>
    <subfield code="f">Laflamme &amp; Proulx)</subfield>
  </datafield>
  <datafield tag="300" ind1=" " ind2=" ">
    <subfield code="a">6 microfiches (262 images) :</subfield>
    <subfield code="b">ill.</subfield>
  </datafield>
  <datafield tag="490" ind1="1" ind2=" ">
    <subfield code="a">CIHM/ICMH Microfiche series = CIHM/ICMH collection de microfiches ;</subfield>
    <subfield code="v">no. 98701</subfield>
  </datafield>
  <datafield tag="500" ind1=" " ind2=" ">
    <subfield code="a">Faux-titre: Congr&#xE8;s m&#xE9;dical de Qu&#xE9;bec, 20-21-22 juillet 1908.</subfield>
  </datafield>
  <datafield tag="504" ind1=" " ind2=" ">
    <subfield code="a">Comprend des r&#xE9;f&#xE9;rences bibliographiques.</subfield>
  </datafield>
  <datafield tag="533" ind1=" " ind2=" ">
    <subfield code="a">Microfiche de l'exemplaire de l'&#xE9;dition originale se trouvant &#xE0; l'Universit&#xE9; d'Ottawa, Biblioth&#xE8;que Morisset, Ottawa.</subfield>
    <subfield code="b">Ottawa :</subfield>
    <subfield code="c">Institut canadien de microreproductions historiques,</subfield>
    <subfield code="d">1998.</subfield>
  </datafield>
  <datafield tag="534" ind1=" " ind2=" ">
    <subfield code="e">451 p., [20] f. de pl. : ill. ; 26 cm.</subfield>
  </datafield>
  <datafield tag="596" ind1=" " ind2=" ">
    <subfield code="a">43</subfield>
  </datafield>
  <datafield tag="610" ind1="2" ind2="6">
    <subfield code="a">Association des m&#xE9;decins de langue fran&#xE7;aise de l'Am&#xE9;rique du Nord.</subfield>
    <subfield code="b">Congr&#xE8;s</subfield>
    <subfield code="n">(4e :</subfield>
    <subfield code="d">1908 :</subfield>
    <subfield code="c">Qu&#xE9;bec, Qu&#xE9;bec)</subfield>
  </datafield>
  <datafield tag="610" ind1="2" ind2="0">
    <subfield code="a">Association des m&#xE9;decins de langue fran&#xE7;aise de l'Am&#xE9;rique du Nord.</subfield>
    <subfield code="b">Congr&#xE8;s</subfield>
    <subfield code="n">(4th :</subfield>
    <subfield code="d">1908 :</subfield>
    <subfield code="c">Qu&#xE9;bec, Quebec)</subfield>
  </datafield>
  <datafield tag="650" ind1=" " ind2="6">
    <subfield code="a">M&#xE9;decin</subfield>
    <subfield code="x">Congr&#xE8;s.</subfield>
  </datafield>
  <datafield tag="650" ind1=" " ind2="0">
    <subfield code="a">Medicine</subfield>
    <subfield code="x">Congresses.</subfield>
  </datafield>
  <datafield tag="700" ind1="1" ind2=" ">
    <subfield code="a">Paquet, Albert,</subfield>
    <subfield code="d">1878-1963.</subfield>
  </datafield>
  <datafield tag="830" ind1=" " ind2="0">
    <subfield code="a">CIHM/ICMH microfiche series ;</subfield>
    <subfield code="v">no. 98701</subfield>
  </datafield>
  <datafield tag="856" ind1="4" ind2="1">
    <subfield code="u">http://archive.org/details/cihm_98701</subfield>
    <subfield code="z">Free eBook from the Internet Archive</subfield>
  </datafield>
  <datafield tag="016" ind1=" " ind2=" ">
    <subfield code="a"> 99607080X</subfield>
  </datafield>
</record>
